<?xml version="1.0" encoding="UTF-8"?><collection xmlns="http://www.loc.gov/MARC21/slim"><record><leader>00374nam--2200121-i-4500</leader><controlfield tag="001">000043460</controlfield><controlfield tag="002">20161230</controlfield><controlfield tag="005">20161230201044</controlfield><controlfield tag="008">060222s1000------------r-----000-0-eng-d</controlfield><datafield ind1=" " ind2=" " tag="080"><subfield code="a">621.38.049.7</subfield></datafield><datafield ind1=" " ind2=" " tag="245"><subfield code="a">Ticpotentiometer handbook. an informative guide for the users of precision potentiometers,...</subfield></datafield><datafield ind1=" " ind2=" " tag="260"><subfield code="a">Acton, Mass, Technology Instr.Corp, 1956. P.Dif</subfield></datafield><datafield ind1=" " ind2=" " tag="852"><subfield code="a">12062</subfield></datafield></record></collection>